<record><leader>00000cas a22000007a 4500</leader><controlfield tag="001">11173845</controlfield><controlfield tag="008">840919d18551870deucr ne      0    0eng d</controlfield><controlfield tag="009">3768</controlfield><datafield ind1=" " ind2=" " tag="010"><subfield code="a">sn 84038112 </subfield></datafield><datafield ind1=" " ind2=" " tag="040"><subfield code="a">NPX</subfield><subfield code="b">eng</subfield><subfield code="c">NPX</subfield><subfield code="d">DLC</subfield><subfield code="d">DEX</subfield></datafield><datafield ind1="1" ind2=" " tag="029"><subfield code="a">AU@</subfield><subfield code="b">000025818654</subfield></datafield><datafield ind1=" " ind2=" " tag="042"><subfield code="a">msc</subfield></datafield><datafield ind1="0" ind2="0" tag="050"><subfield code="a">Newspaper 7283</subfield></datafield><datafield ind1="0" ind2="0" tag="245"><subfield code="a">Delaware State journal and statesman.</subfield></datafield><datafield ind1="1" ind2="0" tag="246"><subfield code="a">Delaware State journal, statesman and blue hen's chicken</subfield></datafield><datafield ind1="1" ind2="3" tag="246"><subfield code="a">Journal and statesman</subfield></datafield><datafield ind1=" " ind2=" " tag="260"><subfield code="a">Wilmington, Del. :</subfield><subfield code="b">Henry Eckel,</subfield></datafield><datafield ind1=" " ind2=" " tag="300"><subfield code="a">v. :</subfield><subfield code="b">ill. ;</subfield><subfield code="c">66 cm.</subfield></datafield><datafield ind1=" " ind2=" " tag="310"><subfield code="a">Semiweekly</subfield></datafield><datafield ind1="0" ind2=" " tag="362"><subfield code="a">Vol. 23, no. 41 (May 22, 1855)-</subfield></datafield><datafield ind1="1" ind2=" " tag="362"><subfield code="a">Ceased in 1870.</subfield></datafield><datafield ind1=" " ind2=" " tag="500"><subfield code="a">Published as: Delaware State journal, statesman and blue hen's chicken, May 29, 1855-June 4, 1858.</subfield></datafield><datafield ind1=" " ind2=" " tag="500"><subfield code="a">Published daily as: Daily journal and statesman, May 21, 1859-June 1, 1859; for the purpose of reporting on the Presbyterian General Assembly.</subfield></datafield><datafield ind1=" " ind2=" " tag="530"><subfield code="a">Also available on microfilm from the Delaware Division of Historical and Cultural Affairs, Dover.</subfield></datafield><datafield ind1=" " ind2=" " tag="752"><subfield code="a">United States</subfield><subfield code="b">Delaware</subfield><subfield code="c">New Castle</subfield><subfield code="d">Wilmington.</subfield></datafield><datafield ind1="0" ind2=" " tag="775"><subfield code="t">Weekly Delaware State journal and statesman</subfield><subfield code="w">(DLC)sn 88053132</subfield></datafield><datafield ind1="0" ind2="4" tag="780"><subfield code="t">Delaware State journal (Wilmington, Del. : 1833)</subfield><subfield code="w">(DLC)sn 82014383</subfield></datafield><datafield ind1="0" ind2="4" tag="780"><subfield code="t">Statesman &amp; blue hen's chicken</subfield><subfield code="w">(DLC)sn 88053047</subfield></datafield><datafield ind1="0" ind2="0" tag="785"><subfield code="t">Delaware State journal (Wilmington, Del. : 1870)</subfield><subfield code="w">(DLC)sn 84026836</subfield></datafield></record>